@inproceedings{TangHuiFundamental,
   author = {Tang, S. C. and Hui, S. Y. and Chung, H. S.},
   title  = {Coreless planar printed-circuit-board ({PCB}) transformers - {A} fundamental concept for singal and energy transfer},
   bookTitle = {Power Electronics, IEEE Transactions on},
   volume= {15},
   number= {5},
   pages = {931-941},
   month = {September}, 
   year  = {2000} } 


@inproceedings{HurleyDuffy, 
   author = {Hurley, W. G. and Duffy, M. C.},
   title  = {Calculation of self and mutual impedances in planar magnetic substrates},
   booktitle = {Magnetics, IEEE Transactions on}, 
   volume= {31},
   number= {4},
   pages = {2416-2422},
   month = {July}, 
   year  = {1995} }


@inproceedings{EMIShield, 
   author = {Su, Y. P. and Xun Liu and Hui, S. Y.},
   title  = {Extended theory on the inductance calculation of planar spiral windings including the effect of double-layer electromagnetic shield},
   booktitle = {Power Electronics, IEEE Transactions on},
   volume= {23},
   number= {4},
   pages = {2052-2061},
   month = {July}, 
   year  = {2008} }


@website{RFID, 
      author = {Lee, Youbok},
      title  = {{AN}707: {MCRF}355/360 Applications},
      booktitle = {}, 
      pages = {1-3},
      month = {}, 
      year  = {1999},
      url   = {http://ww1.microchip.com/downloads/en/AppNotes/00707a.pdf} }